@techreport{SteigendeNutzung,
	title = {The {State} of {Mobile} 2019},
	url = {https://www.appannie.com/download/de/insights/market-data/the-state-of-mobile-2019/1901_State_of_Mobile_Main_EN.pdf},
	urldate = {2020-06-03},
	author = "{App Annie}",
	institution = {App Annie},
	year = {2019},
	pages = {56},
	type={\notype},
}

@article{gesundheitStudis2017,
  title={Gesundheit Studierender in Deutschland 2017: Ein Kooperationsprojekt zwischen dem Deutschen Zentrum f{\"u}r Hochschul-und Wissenschaftsforschung, der Freien Universit{\"a}t Berlin und der Techniker Krankenkasse},
  author={Gr{\"u}tzmacher, Judith and Gusy, B and Lesener, T and Sudheimer, S and Willige, J},
  pages={49},
  year={2018}
}

@article{tkEntspannDich2016,
  title={Entspann dich, Deutschland: TK-Stressstudie 2016},
  author={Wohlers, Katja and Hombrecher, Michaela},
  year={2016},
  publisher={Techniker Krankenkasse},
  pages={11-13},
  year={2016}
}

@book{StressAllgemein,
	address = {Weinheim},
	series = {Programm {PVU}, {Psychologie}-{Verlags}-{Union}},
	title = {Stress im {Arbeitskontext}: {Ursachen}, {Bewältigung} und {Prävention}},
	isbn = {978-3-621-28012-9 978-3-621-27660-3},
	shorttitle = {Stress im {Arbeitskontext}},
	publisher = {Beltz},
	author = {Bartholdt, Luise and Schütz, Astrid},
	year = {2010},
}


@book{StressGrundwissen,
	address = {Stuttgart},
	edition = {3., überarbeitete und erweiterte Auflage},
	series = {Aus- und {Weiterbildung}},
	title = {Grundwissen {Psychologie}, {Soziologie} und {Pädagogik}: {Lehrbuch} für {Pflegeberufe}},
	isbn = {978-3-17-030904-3 978-3-17-030903-6 978-3-17-030906-7},
	shorttitle = {Grundwissen {Psychologie}, {Soziologie} und {Pädagogik}},
	publisher = {Verlag W. Kohlhammer},
	author = {Kulbe, Annette},
	year = {2017},
    pages={227-242}
	}
    
    @article{ChronischerStress,
	title = {Krank durch chronischen {Stress}},
	url = {https://link.springer.com/content/pdf/10.1007/s15202-019-2113-z.pdf},
	number = {4/2019},
	journal = {DNP - Der Neurologe \& Psychiater},
	author = {Krähenmann, Rainer and Seifritz, Erich},
	year = {2019}
}

@book{Stressbewältigung,
	address = {Göttingen; Bern; Wien},
	title = {Stress und {Stressbewältigung}},
	isbn = {978-3-8409-2252-7},
	language = {German},
	publisher = {Hogrefe},
	author = {Heinrichs, Markus and Stächele, Tobias and Domes, Gregor},
	year = {2015},
}

@misc{Handelsblatt,
	title = {Die {Gurus} bei {Google}},
	url = {https://www.handelsblatt.com/unternehmen/management/meditation-fuer-manager-die-gurus-bei-google/13526510.html},
	urldate = {2020-06-01},
	author = {Schröder, Miriam},
	month = may,
	year = {2016}
}

@misc{Adobe,
title={Emotional wellbeing}, 
url = {https://benefits.adobe.com/us/health-and-wellbeing/emotional-wellbeing#Headspace},
author = "{o. V.}",
urldate = {2020-06-01},
journal={Emotional wellbeing | Adobe Benefits},
year={o. J.}
}

@book{AchtsamkeitBasics,
	address = {Göttingen; Bern; Wien},
	title = {Achtsamkeit},
	isbn = {978-3-8017-2236-4 978-3-8409-2236-7},
	publisher = {Hogrefe},
	author = {Michalak, Johannes and Heidenreich, Thomas and Williams, J. Mark G},
	year = {2012},
}

@inproceedings{VergleichApps,
	title = {Evaluating {Mindfulness} {Meditation} {Apps}},
	doi = {10.1145/3170427.3188616},
	author = {Daudén Roquet, Claudia and Sas, Corina},
	year = {2018},
    address = {Montréal, Kanada},
    booktitle = {CHI},
}

@article{KriterienApp,
	title = {Review and {Evaluation} of {Mindfulness}-{Based} {iPhone} {Apps}},
	volume = {3},
	doi = {10.2196/mhealth.4328},
	number = {3},
	journal = {JMIR mHealth and uHealth},
	author = {Mani, Madhavan and Kavanagh, David J and Hides, Leanne and Stoyanov, Stoyan R},
	month = aug,
	year = {2015},
	pages = {e82},
	file = {Eingereichte Version:/Users/daniel/Zotero/storage/PDCZ43EZ/Mani et al. - 2015 - Review and Evaluation of Mindfulness-Based iPhone .pdf:application/pdf}
}

@article{Metaanalyse,
	title = {Systematische Übersichtsarbeiten und {Metaanalysen}},
	volume = {107},
	url = {https://www.uni-kiel.de/medinfo/lehre/seminare/methodik/Dtsch%20Arztebl%2006%20Systematische%20Übersichtsarbeiten%20und%20Metaanalysen.pdf},
	number = {27},
	journal = {Deutsches Ärzteblatt},
	author = {Ressing, Meike and Blettner, Maria and Klug, Stefanie J.},
	month = jul,
	year = {2009}
}



@book{Leitfadeninterview,
	address = {Innsbruck},
	title = {Praxisbuch {Empirische} {Sozialforschung} in den {Erziehungs}- und {Bildungswissenschaften}},
	isbn = {978-3-7065-5832-7},
	publisher = {Studienverlag},
	author = {Stigler, Hubert and Reicher, Hannelore},
	year = {2016},
	pages = {141-145}
}

@book{Inhaltsanalyse,
	address = {Weinheim Basel},
	edition = {3., überarbeitete Auflage},
	series = {Grundlagentexte {Methoden}},
	title = {Qualitative {Inhaltsanalyse}: {Methoden}, {Praxis}, {Computerunterstützung}},
	isbn = {978-3-7799-3344-1 978-3-7799-4386-0},
	shorttitle = {Qualitative {Inhaltsanalyse}},
	publisher = {Beltz Juventa},
	author = {Kuckartz, Udo},
	year = {2016},
    pages={100-121}
}


@misc{AchtsameHochschulen,
	title = {Achtsame {Hochschulen} in der digitalen {Gesellschaft}},
	url = {https://achtsamehochschulen.de/informieren/},
	author = "{o. V.⠀}",
	urldate = {2020-06-29},
	journal = {Achtsame Hochschulen in der digitalen Gesellschaft},
    year={o. J.}
}

@article{MindfulnessStudy1,
	title = {Positive {Reappraisal} {Mediates} the {Stress}-{Reductive} {Effects} of {Mindfulness}: {An} {Upward} {Spiral} {Process}},
	volume = {2},
	issn = {1868-8527, 1868-8535},
	shorttitle = {Positive {Reappraisal} {Mediates} the {Stress}-{Reductive} {Effects} of {Mindfulness}},
	url = {http://link.springer.com/10.1007/s12671-011-0043-8},
	doi = {10.1007/s12671-011-0043-8},
	number = {1},
	urldate = {2020-07-02},
	journal = {Mindfulness},
	author = {Garland, Eric L. and Gaylord, Susan A. and Fredrickson, Barbara L.},
	month = mar,
	year = {2011},
	pages = {59--67}
}


@article{MindfulnessStudy2,
	title = {The {Effects} of {Mindfulness} {Meditation}: {A} {Meta}-{Analysis}},
	volume = {3},
	issn = {1868-8527, 1868-8535},
	shorttitle = {The {Effects} of {Mindfulness} {Meditation}},
	doi = {10.1007/s12671-012-0101-x},
	number = {3},
	journal = {Mindfulness},
	author = {Eberth, Juliane and Sedlmeier, Peter},
	month = sep,
	year = {2012},
	pages = {174--189}
}


@article{MindfulnessStudy3,
	title = {Mindfulness-{Based} {Student} {Training} {Leads} to a {Reduction} in {Physiological} {Evaluated} {Stress}},
	volume = {11},
	issn = {1664-1078},
	url = {https://www.frontiersin.org/article/10.3389/fpsyg.2020.00645/full},
	doi = {10.3389/fpsyg.2020.00645},
	urldate = {2020-07-02},
	journal = {Frontiers in Psychology},
	author = {Voss, Andreas and Bogdanski, Martin and Langohr, Bernd and Albrecht, Reyk and Sandbothe, Mike},
	month = may,
	year = {2020},
	}
    
    
@article{MindfulnessStudy4,
	title = {Efficacy of the {Mindfulness} {Meditation} {Mobile} {App} “{Calm}” to {Reduce} {Stress} {Among} {College} {Students}: {Randomized} {Controlled} {Trial}},
	volume = {7},
	shorttitle = {Efficacy of the {Mindfulness} {Meditation} {Mobile} {App} “{Calm}” to {Reduce} {Stress} {Among} {College} {Students}},
	doi = {10.2196/14273},
	number = {6},
	journal = {JMIR mHealth and uHealth},
	author = {Huberty, Jennifer and Green, Jeni and Glissmann, Christine and Larkey, Linda and Puzia, Megan and Lee, Chong},
	month = jun,
	year = {2019},
}

@masterthesis{MindfulnessStudy5,
	address = {Topeka, Kansas},
	title = {The {Mindfulness} {App}: {The} {Impact} on {College} {Student} {Mental} {Health} and {Well}-{Being}},
	url = {https://wuir.washburn.edu/bitstream/handle/10425/408/22.pdf?sequence=1&isAllowed=y},
	urldate = {2020-07-01},
	school = {Washburn University, Psychology Department},
	author = {Moffitt, Kelsey M.},
	month = mar,
	year = {2017},
}
